@article{nestoridis1996universal,
  title={Universal {T}aylor series},
  author={Nestoridis, V.},
  journal={Annales de l'institut Fourier (Grenoble)},
  volume={ 46 (1996) },
  number={ no. 5},
  pages={ pages 1293--1306}
}

@article{nestoridis1999extension,
  title={An extension of the notion of universal {T}aylor series},
  author={Nestoridis, V.},
  journal={CMFT 1997(Nicosia) 421-430. Ser. Approx. Decompos., II, World Sci. Publ. River Edge, NI. 1999},
  publisher={WORLD SCIENTIFIC PUBLISHING}
}

@article{nestoridis_2005,
 title={Non extendable holomorphic functions},
 volume={139}, DOI={10.1017/S0305004105008728},
 number={2},
 journal={Mathematical Proceedings of the Cambridge Philosophical Society},
  publisher={Cambridge University Press},
  author={Nestoridis, V.}, year={2005}, pages={351â€“360}}

@article{gardiner2014boundary,
  title={Boundary behaviour of universal Taylor series on multiply connected domains},
  author={Gardiner, S. J. and Manolaki, M.},
  journal={Constructive Approximation},
  volume={40},
  number={2},
  pages={259--279},
  year={2014},
  publisher={Springer}
}

@article{armitage2006boundary,
  title={Boundary behavior of universal Taylor series and their derivatives},
  author={Armitage, D. H. and Costakis, G.},
  journal={Constructive approximation},
  volume={24},
  number={1},
  pages={1--15},
  year={2006},
  publisher={Springer}
}

@article{melas2001universality,
  title={Universality of {T}aylor series as a generic property of holomorphic functions},
  author={Melas, A. and Nestoridis, V.},
  journal={Advances in Mathematics},
  volume={157(2001)},
  number={no. 2},
  pages={ pages 138--176},
  publisher={Elsevier}
}

@article{muller2006universal,
  title={Universal overconvergence and {O}strowski-gaps},
  author={M{\"u}ller, J. and Vlachou, V. and Yavrian, A.},
  journal={Bulletin of the London Mathematical Society},
  volume={38(2006)},
  number={ no. 4},
  pages={ pages 597--606},
  publisher={Oxford University Press}
}

@book{Rudin:1987:RCA:26851,
 author = {Rudin, W.},
 title = {Real and {C}omplex {A}nalysis, 3rd Ed.},
 year = {1987},
 isbn = {0070542341},
 publisher = {McGraw-Hill, Inc.},
 address = {New York, NY, USA},
}
